%% This BibTeX bibliography file was created using BibDesk.
%% http://bibdesk.sourceforge.net/
%% Created for Tom at 2012-03-01 22:24:34 -0700 
%% Saved with string encoding Unicode (UTF-8) 

@webpage{improving_testability,
	Annote = {This article ...},
	Date-Added = {2012-03-01 22:18:01 -0700},
	Date-Modified = {2012-03-01 22:23:08 -0700},
	Keywords = {Testability},
	Lastchecked = {March 1, 2012},
	Month = {January},
	Url = {http://www.sce.carleton.ca/faculty/yee/Improving_Testability.pdf},
	Year = {2000}
}

% this needs the urlbst package, not sure what to do...
@webpage{evolve_your_hierarchy,
  Annote = {This article describes the process of changing from an inheritance hierarchy to an entity-component system.},
  Date-Added = {2013-02-16},
  Date-Modified = {2013-02-17},
  Keywords = {Game Design Entities Components},
  Lastchecked = {February 17, 2013},
  Month = {January},
  Url = {http://cowboyprogramming.com/2007/01/05/evolve-your-heirachy/},
  Year = {2007}
}

@article{haller2002generic,
    title={A generic framework for game development},
    author={Haller, Michael and Hartmann, W and Zauner, J},
    journal={Proceedings of the ACM SIGGRAPH and Eurographics Campfire},
    year={2002}
}

@techreport{christel1992issues,
  title={Issues in requirements elicitation},
  author={Christel, Michael G and Kang, Kyo C},
  year={1992},
  institution={DTIC Document}
}

@article{september1990ieee,
  title={IEEE Standard Glossary of Software Engineering Terminology},
  author={September, Approved},
  year={1990}
}

@article{southwell1987requirements,
  title={Requirements definition and design},
  author={Southwell, K and James, K and Clarke, BA and Andrews, B and Ashworth, C and Norris, M and Patel, V},
  journal={The STARTS Guide,},
  volume={1},
  pages={177--313},
  year={1987}
}

@inproceedings{mcdermid1989requirements,
  title={Requirements analysis: Problems and the starts approach},
  author={McDermid, John},
  booktitle={Requirements Capture and Specification for Critical Systems, IEE Colloquium on},
  pages={4--1},
  year={1989},
  organization={IET}
}

@inproceedings{rzepka1989requirements,
  title={A requirements engineering testbed: Concept, status and first results},
  author={Rzepka, William E},
  booktitle={System Sciences, 1989. Vol. II: Software Track, Proceedings of the Twenty-Second Annual Hawaii International Conference on},
  volume={2},
  pages={339--347},
  year={1989},
  organization={IEEE}
}

@inproceedings{callele2006emotional,
  title={Emotional requirements in video games},
  author={Callele, David and Neufeld, Eric and Schneider, Kevin},
  booktitle={Requirements Engineering, 14th IEEE International Conference},
  pages={299--302},
  year={2006},
  organization={IEEE}
}

@inproceedings{callele2005requirements,
  title={Requirements engineering and the creative process in the video game industry},
  author={Callele, David and Neufeld, Eric and Schneider, Kevin},
  booktitle={Requirements Engineering, 2005. Proceedings. 13th IEEE International Conference on},
  pages={240--250},
  year={2005},
  organization={IEEE}
}

@misc{functional_programming,
	title={Functional Programming in C++},
	author={J. Carmack},
	year={2012},
	note={Available: \url{http://www.altdevblogaday.com/2012/04/26/functional-programming-in-c/}},
}

@misc{cocos2d,
	title={Cocos2D for iPhone},
	author={Cocos2D},
	note={Available: \url{http://www.cocos2d-iphone.org/about}},
}

@misc{unity3d,
	title={Game Engine, tools, and multiplatform},
	author={Unity},
	note={Available: \url{http://unity3d.com/unity/}},
}

@misc{cryengine_3,
	title={MyCryENGINE},
	author={Crytek},
	note={Available: \url{http://www.mycryengine.com}},
}

@misc{unreal_engine_3,
	title={Game Development Tools for Unreal Engine 3},
	author={Unreal Engine},
	note={Available: \url{http://www.mycryengine.com}},
}

@article{ward2008game,
  title={What is a game engine},
  author={Ward, Jeff},
  journal={Retrieved September},
  volume={15},
  pages={2011},
  year={2008}
}

@article{west2006evolve,
  title={Evolve your hierarchy?refactoring game entities with components},
  author={West, M},
  journal={Teoksessa Game Developer Magazine, osa},
  volume={13},
  year={2006}
}

@inproceedings{wilson2003game,
  title={Game Object Structure},
  author={Wilson, K},
  year={2003},
  organization={GDC}
}

@inproceedings{bilas2002data,
  title={A data-driven game object system},
  author={Bilas, Scott},
  booktitle={Game Developers Conference Proceedings},
  year={2002}
}

@article{flury1981graphical,
  title={Graphical representation of multivariate data by means of asymmetrical faces},
  author={Flury, Bernhard and Riedwyl, Hans},
  journal={Journal of the American Statistical Association},
  volume={76},
  number={376},
  pages={757--765},
  year={1981},
  publisher={Taylor \& Francis Group}
}

@article{ekman2002facial,
  title={Facial action coding system},
  author={Ekman, Paul and Friesen, Wallace V and Hager, Joseph C},
  journal={A Human Face},
  year={2002}
}

@inproceedings{bentley2002putting,
  title={Putting some emotion into requirements engineering},
  author={Bentley, Todd and Johnston, Lorraine and Von Baggo, Karola},
  booktitle={The Seventh Australian Workshop on Requirements Engineering},
  pages={227--244},
  year={2002}
}
